<?xml version="1.0" encoding="UTF-8"?><collection xmlns="http://www.loc.gov/MARC21/slim"><record><leader>00379nam--2200133-i-4500</leader><controlfield tag="001">000028881</controlfield><controlfield tag="002">20161230</controlfield><controlfield tag="005">20161230201037</controlfield><controlfield tag="008">060222s1000------------r-----000-0-eng-d</controlfield><datafield ind1=" " ind2=" " tag="080"><subfield code="a">621.3.049.771.14</subfield></datafield><datafield ind1=" " ind2=" " tag="245"><subfield code="a">Large scale integration. devices, circuits and systems</subfield></datafield><datafield ind1=" " ind2=" " tag="260"><subfield code="a">Chichester, John And Sons, 1981, Xii + 346p</subfield></datafield><datafield ind1=" " ind2=" " tag="700"><subfield code="a">Howes, M.J. And Morgan, D.V</subfield></datafield><datafield ind1=" " ind2=" " tag="852"><subfield code="a">70103</subfield></datafield></record></collection>